@article{baumgardner2014ice,
  title  = {Ice or Ash?},
  author = {Baumgardner, Darrel and Newton, Roy and Gallagher, Martin and Petzold, Andreas and Juelich, Forschunsgzentrum and Dean, Angela and Weber, Konradin and Vogel, Andreas},
  year   = {2014}
}

@article{illingworth2007cloudnet,
  title     = {Cloudnet: Continuous evaluation of cloud profiles in seven operational models using ground-based observations},
  author    = {Illingworth, AJ and Hogan, RJ and O'connor, EJ and Bouniol, Dominique and Brooks, ME and Delano{\"e}, Julien and Donovan, DP and Eastment, JD and Gaussiat, N and Goddard, JWF and others},
  journal   = {Bulletin of the American Meteorological Society},
  volume    = {88},
  number    = {6},
  pages     = {883--898},
  year      = {2007},
  publisher = {American Meteorological Society}
}

@techreport{thomson2014compact,
  title       = {A Compact, Backscattering Deplolarization Cloud Spectrometer for Ice and Water Discrimination},
  author      = {Thomson, David},
  year        = {2014},
  institution = {Droplet Measurement Technologies}
}